<?xml version="1.0" encoding="UTF-8"?><collection xmlns="http://www.loc.gov/MARC21/slim"><record><leader>00321nam--2200121-i-4500</leader><controlfield tag="001">000025222</controlfield><controlfield tag="002">20161230</controlfield><controlfield tag="005">20161230201035</controlfield><controlfield tag="008">060222s1000------------r-----000-0-eng-d</controlfield><datafield ind1=" " ind2=" " tag="100"><subfield code="a">Jirgensons, B</subfield></datafield><datafield ind1=" " ind2=" " tag="245"><subfield code="a">Straumanis, m. e</subfield></datafield><datafield ind1=" " ind2=" " tag="260"><subfield code="a">A Short Textbook Of Colloid Chemistry</subfield></datafield><datafield ind1=" " ind2=" " tag="490"><subfield code="a">London, Pergamon Press, 1954. Xvi+420p</subfield></datafield></record></collection>